<?xml version="1.0" encoding="UTF-8"?><collection xmlns="http://www.loc.gov/MARC21/slim"><record><leader>00522nam--2200181-i-4500</leader><controlfield tag="001">000039105</controlfield><controlfield tag="002">20161230</controlfield><controlfield tag="005">20161230201042</controlfield><controlfield tag="008">060222s1000------------r-----000-0-fre-d</controlfield><datafield ind1=" " ind2=" " tag="040"><subfield code="a">IFIN-HH</subfield></datafield><datafield ind1=" " ind2=" " tag="041"><subfield code="a">fre</subfield></datafield><datafield ind1=" " ind2=" " tag="080"><subfield code="a">015:533.6.011.72</subfield></datafield><datafield ind1="1" ind2=" " tag="100"><subfield code="a">Rieutord, Emile</subfield></datafield><datafield ind1="1" ind2="0" tag="245"><subfield code="a">Contribution a l`etude de l`onde de choc primaire en tube a choc</subfield><subfield code="b">These</subfield><subfield code="c">Emile rieutord</subfield></datafield><datafield ind1=" " ind2=" " tag="260"><subfield code="a">Lyon</subfield><subfield code="b">Faculte Des Sciences De L`Universite De Lyon</subfield><subfield code="c">1970</subfield></datafield><datafield ind1=" " ind2=" " tag="300"><subfield code="a">82p</subfield></datafield><datafield ind1=" " ind2=" " tag="852"><subfield code="a">38013</subfield><subfield code="c">533.6</subfield></datafield><datafield ind1=" " ind2=" " tag="CAT"><subfield code="a">Sys</subfield><subfield code="c">20110114</subfield><subfield code="h">083827</subfield></datafield></record></collection>